@article{akram,
    author =       "Akram Bayat,Marc Pomplun,Duc A. Tran",
    title =        "A Study on Human Activity Recognition Using Accelerometer Data from Smartphones",
    journal =      "Procedia Computer Science",
    volume =       "34",
    pages =        "450--457",
    year =         "2014",
    DOI =          "https://doi.org/10.1016/j.procs.2014.07.009"
}



 @article{5334925, 
author= "X. Long and B. Yin and R. M. Aarts", 
title= "Single-accelerometer-based daily physical activity classification", journal=  "2009 Annual International Conference of the IEEE Engineering in Medicine and Biology Society", 
page= "6107-6110",
year= "2009",
month= "Sept",
doi= "10.1109/IEMBS.2009.5334925", 
ISSN= "1094-687X", 
}